<record xmlns='http://www.loc.gov/MARC21/slim'><leader>01646cim a22003852u 4500</leader><controlfield tag='001'>3600603</controlfield><controlfield tag='005'>20151214182633.0</controlfield><controlfield tag='007'>ss|lmnjluz|nuu</controlfield><controlfield tag='008'>991101s1988    nyunnn         l    eng d</controlfield><datafield ind1=' ' ind2=' ' tag='035'><subfield code='a'>(NIC)notisASF7668</subfield></datafield><datafield ind1=' ' ind2=' ' tag='035'><subfield code='a'>3600603</subfield></datafield><datafield ind1=' ' ind2=' ' tag='035'><subfield code='a'>(OCoLC)63896309</subfield></datafield><datafield ind1=' ' ind2=' ' tag='040'><subfield code='a'>NIC</subfield><subfield code='c'>NIC</subfield><subfield code='d'>NIC</subfield><subfield code='d'>NIC</subfield></datafield><datafield ind1='1' ind2=' ' tag='100'><subfield code='a'>West, Cornel.</subfield></datafield><datafield ind1='1' ind2='4' tag='245'><subfield code='a'>The black church and oppositional politics</subfield><subfield code='h'>[sound recording]</subfield></datafield><datafield ind1=' ' ind2=' ' tag='260'><subfield code='c'>1988.</subfield></datafield><datafield ind1=' ' ind2=' ' tag='300'><subfield code='a'>2 sound cassettes (110 min.) :</subfield><subfield code='b'>analog, mono.</subfield></datafield><datafield ind1=' ' ind2=' ' tag='500'><subfield code='a'>Recorded in Ithaca, NY by Cornell University.</subfield></datafield><datafield ind1=' ' ind2=' ' tag='500'><subfield code='a'>Sponsored by: Society for the Humanities.</subfield></datafield><datafield ind1=' ' ind2=' ' tag='500'><subfield code='a'>Speaker(s): West is from the Union Theological Seminary.</subfield></datafield><datafield ind1=' ' ind2=' ' tag='518'><subfield code='a'>Lecture, April 28, 1988.</subfield></datafield><datafield ind1=' ' ind2=' ' tag='520'><subfield code='a'>West discusses the &quot;Black Church&quot; and its oppositional politics (ie., the use of prophetic, all-embracing vision) and its consequences in terms of both enabling and disabling causes of freedom.  She is introduced by Hortense Spillers, visiting professor of English, Cornell University.</subfield></datafield><datafield ind1=' ' ind2='0' tag='650'><subfield code='a'>African Americans</subfield><subfield code='x'>Religion.</subfield></datafield><datafield ind1=' ' ind2='0' tag='650'><subfield code='a'>African American theologians.</subfield></datafield><datafield ind1=' ' ind2='0' tag='650'><subfield code='a'>Theologians</subfield><subfield code='z'>United States.</subfield></datafield><datafield ind1=' ' ind2='0' tag='650'><subfield code='a'>Religion and politics.</subfield></datafield><datafield ind1=' ' ind2='7' tag='650'><subfield code='a'>African American theologians</subfield><subfield code='2'>fast</subfield><subfield code='0'>(OCoLC)fst00799420</subfield></datafield><datafield ind1=' ' ind2='7' tag='650'><subfield code='a'>African Americans</subfield><subfield code='x'>Religion</subfield><subfield code='2'>fast</subfield><subfield code='0'>(OCoLC)fst00799689</subfield></datafield><datafield ind1=' ' ind2='7' tag='650'><subfield code='a'>Religion and politics</subfield><subfield code='2'>fast</subfield><subfield code='0'>(OCoLC)fst01093842</subfield></datafield><datafield ind1=' ' ind2='7' tag='650'><subfield code='a'>Theologians</subfield><subfield code='2'>fast</subfield><subfield code='0'>(OCoLC)fst01149517</subfield></datafield><datafield ind1=' ' ind2='7' tag='651'><subfield code='a'>United States</subfield><subfield code='2'>fast</subfield><subfield code='0'>(OCoLC)fst01204155</subfield></datafield><datafield ind1=' ' ind2='0' tag='830'><subfield code='a'>Toni Morrison lectures.</subfield></datafield><datafield ind1='1' ind2=' ' tag='899'><subfield code='a'>CULectures</subfield></datafield><datafield ind1=' ' ind2=' ' tag='905'><subfield code='a'>19991217120000.0</subfield></datafield><datafield ind1='2' ind2=' ' tag='948'><subfield code='a'>20141221</subfield><subfield code='b'>m</subfield><subfield code='d'>batch</subfield><subfield code='e'>lts</subfield><subfield code='x'>addfast</subfield></datafield></record>